@techreport{gambera2012,
  author       = {Gambera, Artur Rezzieri},
  title        = {Uma abordagem histórica sobre logaritmos},
  institution  = {Universidade Estadual Paulista “Júlio de Mesquita Filho”, Instituto de Biociências, Letras e Ciências Exatas, Curso de Licenciatura em Matemática},
  address      = {São José do Rio Preto, SP},
  year         = {2012},
  note         = {Monografia. Disponível em: \url{https://www.ibilce.unesp.br/Home/Departamentos/Matematica/uma-abordagem-historica-sobre-logaritmos---artur-rezzieri-gambera.pdf}. Acesso em: [dia mês ano].}
}

@book{eves2004,
  author    = {Eves, Howard},
  title     = {Introdução à história da matemática},
  edition   = {1. ed.},
  address   = {Campinas, SP},
  publisher = {Editora da Unicamp},
  year      = {2004}
}

@book{boyer1996,
  author    = {Boyer, Carl B.},
  title     = {História da Matemática},
  edition   = {1. ed.},
  address   = {São Paulo},
  publisher = {Edgard Blücher},
  year      = {1996}
}

@misc{wikipediaSaintVincent,
  author       = {Wikipedia contributors},
  title        = {Grégoire de Saint-Vincent – Quadrature of the hyperbola},
  howpublished = {\url{https://en.wikipedia.org/wiki/Gr%C3%A9goire_de_Saint-Vincent#Quadrature_of_the_hyperbola}},
  note         = {Acesso em: [dia mês ano]}
}

@misc{wikipediaHistoryLogs,
  author       = {Wikipedia contributors},
  title        = {History of logarithms},
  howpublished = {\url{https://en.wikipedia.org/wiki/History_of_logarithms}},
  note         = {Acesso em: [dia mês ano]}
}

@misc{maaLogarithms,
  author       = {—},
  title        = {Logarithms: The Early History of a Familiar Function – John Napier Introduces Logarithms},
  howpublished = {\url{https://old.maa.org/press/periodicals/convergence/logarithms-the-early-history-of-a-familiar-function-john-napier-introduces-logarithms}},
  note         = {Acesso em: [dia mês ano]}
}

@misc{youtubeNaturalLog1,
  author       = {—},
  title        = {Log natural},
  howpublished = {\url{https://www.youtube.com/watch?v=jV49W0lY0OM}},
  note         = {Vídeo YouTube. Acesso em: [dia mês ano]}
}

@misc{youtubeLog2,
  author       = {—},
  title        = {—},
  howpublished = {\url{https://www.youtube.com/watch?v=VRzH4xB0GdM}},
  note         = {Vídeo YouTube. Acesso em: [dia mês ano]}
}

@misc{youtubeLog3,
  author       = {—},
  title        = {—},
  howpublished = {\url{https://www.youtube.com/watch?v=vzV50goW_WM}},
  note         = {Vídeo YouTube. Acesso em: [dia mês ano]}
}

@techreport{briggs1624doc,
  author       = {Briggs, Henry},
  title        = {Arithmetica logarithmica (1624) – documento},
  institution  = {Loria},
  address      = {Nancy, França},
  year         = {1624},
  note         = {Disponível em: \url{https://locomat.loria.fr/briggs1624/briggs1624doc.pdf}. Acesso em: [dia mês ano]}
}

@techreport{lima2019logaritmos,
  author       = {Lima, Elon Lages},
  title        = {Logaritmos},
  institution  = {Sociedade Brasileira de Matemática},
  address      = {Brasília, DF},
  year         = {2019},
  note         = {Disponível em: \url{https://matematicatransformadora.com/wp-content/uploads/2019/04/2-SBM-Elon-Lages-Lima-Logaritmos.pdf}. Acesso em: [dia mês ano]}
}
